@misc{ enwiki:987099180,
	author = "{Wikipedia contributors}",
	title = "Mercer's theorem --- {Wikipedia}{,} The Free Encyclopedia",
	year = "2020",
	url = "https://en.wikipedia.org/w/index.php?title=Mercer%27s_theorem&oldid=987099180",
	note = "[Online; accessed 29-April-2021]"
}